<record xmlns='http://www.loc.gov/MARC21/slim'><leader>01664cam a2200325 i 4500</leader><controlfield tag='001'>3755597</controlfield><controlfield tag='005'>20150720110208.0</controlfield><controlfield tag='007'>cr mn mmmmabba</controlfield><controlfield tag='008'>840613s1813    nju     s     000 0 eng d</controlfield><datafield ind1=' ' ind2=' ' tag='035'><subfield code='a'>3755597</subfield></datafield><datafield ind1=' ' ind2=' ' tag='040'><subfield code='a'>CSt</subfield><subfield code='b'>eng</subfield><subfield code='c'>MWA</subfield></datafield><datafield ind1=' ' ind2=' ' tag='091'><subfield code='a'>ecol</subfield></datafield><datafield ind1='0' ind2='4' tag='245'><subfield code='a'>The New Jersey preacher, or, Sermons on plain and practical subjects</subfield><subfield code='h'>[electronic resource] /</subfield><subfield code='c'>by some of the ministers of the Gospel residing in the state of New Jersey.</subfield></datafield><datafield ind1=' ' ind2=' ' tag='260'><subfield code='a'>Trenton :</subfield><subfield code='b'>D. Fenton ;</subfield><subfield code='a'>New Brunswick [N.J.] :</subfield><subfield code='b'>Charles D. Green &amp; Co.,</subfield><subfield code='c'>1813</subfield><subfield code='e'>([New Brunswick, N.J.] :</subfield><subfield code='f'>L. Deane)</subfield></datafield><datafield ind1=' ' ind2=' ' tag='300'><subfield code='a'>464 p. ;</subfield><subfield code='c'>22 cm.</subfield></datafield><datafield ind1=' ' ind2=' ' tag='506'><subfield code='a'>Subscription and registration required for access.</subfield></datafield><datafield ind1=' ' ind2=' ' tag='500'><subfield code='a'>&quot;Vol. 1.&quot;</subfield></datafield><datafield ind1=' ' ind2=' ' tag='500'><subfield code='a'>No more published.</subfield></datafield><datafield ind1=' ' ind2=' ' tag='500'><subfield code='a'>Ed. by George S. Woodhull and Isaac V. Brown.</subfield></datafield><datafield ind1='4' ind2=' ' tag='510'><subfield code='a'>Shaw &amp; Shoemaker</subfield><subfield code='c'>29318</subfield></datafield><datafield ind1=' ' ind2=' ' tag='530'><subfield code='a'>Microform version available in the Readex Early American Imprints series.</subfield></datafield><datafield ind1=' ' ind2=' ' tag='533'><subfield code='a'>Electronic text and image data.</subfield><subfield code='b'>[Chester, Vt. :</subfield><subfield code='c'>Readex, a division of Newsbank, Inc.,</subfield><subfield code='d'>2004-2007]</subfield><subfield code='e'>Includes files in TIFF, GIF and PDF formats with inclusion of keyword searchable text.</subfield><subfield code='f'>(Early American imprints. Second series ; no. 29318).</subfield></datafield><datafield ind1=' ' ind2='0' tag='650'><subfield code='a'>Sermons, American.</subfield></datafield><datafield ind1='1' ind2=' ' tag='700'><subfield code='a'>Woodhull, George S.</subfield><subfield code='q'>(George Spafford),</subfield><subfield code='d'>1773-1834.</subfield></datafield><datafield ind1='1' ind2=' ' tag='700'><subfield code='a'>Brown, Isaac V.</subfield><subfield code='q'>(Isaac Van Arsdale),</subfield><subfield code='d'>1784-1861.</subfield></datafield><datafield ind1=' ' ind2=' ' tag='752'><subfield code='a'>United States</subfield><subfield code='b'>New Jersey</subfield><subfield code='d'>Trenton.</subfield></datafield><datafield ind1=' ' ind2=' ' tag='752'><subfield code='a'>United States</subfield><subfield code='b'>New Jersey</subfield><subfield code='d'>New Brunswick.</subfield></datafield><datafield ind1=' ' ind2='0' tag='830'><subfield code='a'>Early American imprints.</subfield><subfield code='n'>Second series ;</subfield><subfield code='v'>no. 29318.</subfield></datafield><datafield ind1='4' ind2='1' tag='856'><subfield code='u'>http://opac.newsbank.com/select/shaw/29318</subfield></datafield><datafield ind1=' ' ind2=' ' tag='984'><subfield code='a'>ANL</subfield><subfield code='c'>Electronic resource</subfield><subfield code='f'>Available for document delivery - restrictions apply.</subfield></datafield></record>